
@misc{HTCondor,
  author = "University of Wisconsin–Madison",
   title = "HTCondor",
   howpublished = "\url{https://research.cs.wisc.edu/htcondor/}"
    note = "Online; ultima visita 26-Abril-2016"}
    
@misc{hpc,
  author = "Universidad Tecnológica de Bolívar",
   title = "HPCLab",
   howpublished = "\url{http://hpclab.unitecnologica.edu.co/}"
    note = "Online; ultima visita 26-Abril-2016"}